@article{aad_combined_2015,
	title = {Combined {Measurement} of the {Higgs} {Boson} {Mass} in p p {Collisions} at s = 7 and 8 {TeV} with the {ATLAS} and {CMS} {Experiments}},
	volume = {114},
	issn = {0031-9007, 1079-7114},
	url = {https://link.aps.org/doi/10.1103/PhysRevLett.114.191803},
	doi = {10.1103/PhysRevLett.114.191803},
	language = {en},
	number = {19},
	urldate = {2017-12-29},
	journal = {Phys. Rev. Lett.},
	author = {Aad, G. and others}, 
	year = {2015},
	file = {PhysRevLett.114.191803.pdf:/home/dclarke/.zotero/zotero/glzum4gj.default/zotero/storage/BC5V582D/PhysRevLett.114.191803.pdf:application/pdf}
}

@article{adler_over-relaxation_1981,
	title = {Over-relaxation method for the {Monte} {Carlo} evaluation of the partition function for multiquadratic actions},
	volume = {23},
	number = {12},
	journal = {Phys. Rev. D},
	author = {Adler, S. L.},
	year = {1981},
	pages = {2901-2904},
	file = {adler1981.pdf:/home/dclarke/.zotero/zotero/glzum4gj.default/zotero/storage/ZXMRCXVB/adler1981.pdf:application/pdf}
}

@article{adler_overrelaxation_1988,
	title = {Overrelaxation algorithms for lattice field theories},
	volume = {37},
	url = {https://journals.aps.org/prd/abstract/10.1103/PhysRevD.37.458},
	number = {2},
	urldate = {2017-01-22},
	journal = {Phys. Rev. D},
	author = {Adler, S. L.},
	year = {1988},
	pages = {458},
	file = {adler1987.pdf:/home/dclarke/.zotero/zotero/glzum4gj.default/zotero/storage/63VKNEC9/adler1987.pdf:application/pdf;borsanyi_etal2012.pdf:/home/dclarke/.zotero/zotero/glzum4gj.default/zotero/storage/QC6NIHR5/borsanyi_etal2012.pdf:application/pdf;brown_woch1987.pdf:/home/dclarke/.zotero/zotero/glzum4gj.default/zotero/storage/49M23BUN/brown_woch1987.pdf:application/pdf;callaway1988.pdf:/home/dclarke/.zotero/zotero/glzum4gj.default/zotero/storage/HMB4VS22/callaway1988.pdf:application/pdf}
}

@article{aizenman_proof_1981,
	title = {Proof of the triviality of $\phi^4$ field theory and some mean-field features of {Ising} models for d>4},
	volume = {47},
	url = {https://journals.aps.org/prl/abstract/10.1103/PhysRevLett.47.1},
	number = {1},
	urldate = {2017-01-22},
	journal = {Phys. Rev. Lett.},
	author = {Aizenman, M.},
	year = {1981},
	pages = {1},
	file = {aizenmann1981.pdf:/home/dclarke/.zotero/zotero/glzum4gj.default/zotero/storage/RI2JQIDF/aizenmann1981.pdf:application/pdf}
}

@article{alle_three-loop_1997,
	title = {The three-loop $\beta$ function in {SU}({N}) lattice gauge theories},
	volume = {491},
	url = {http://www.sciencedirect.com/science/article/pii/S0550321397000928},
	number = {1-2},
	urldate = {2017-06-12},
	journal = {Nucl. Phys. B},
	author = {All\'es, B. and Feo, A. and Panagopoulos, H.},
	year = {1997},
	pages = {498--512},
	file = {alles_feo_panag.pdf:/home/dclarke/.zotero/zotero/glzum4gj.default/zotero/storage/GTBXKBNR/alles_feo_panag.pdf:application/pdf}
}

@article{allton_lattice_1997,
	title = {Lattice {Monte} {Carlo} Data versus Perturbation Theory},
	volume = {53},
	journal = {Nucl. Phys. B (Proc. Suppl.)},
	author = {Allton, C. R.},
	year = {1997},
        number = {1-3},
	pages = {867-869},
	file = {9610014.pdf:/home/dclarke/.zotero/zotero/glzum4gj.default/zotero/storage/3HJAQ6N8/9610014.pdf:application/pdf}
}

@article{aoki_finite_2007,
	title = {Finite volume {QCD} at fixed topological charge},
	volume = {76},
	issn = {1550-7998, 1550-2368},
	url = {https://link.aps.org/doi/10.1103/PhysRevD.76.054508},
	doi = {10.1103/PhysRevD.76.054508},
	language = {en},
	number = {5},
	urldate = {2017-11-07},
	journal = {Phys. Rev. D},
	author = {Aoki, S. and Fukaya, H. and Hashimoto, S. and Onogi, T.},
	year = {2007},
	file = {PhysRevD.76.054508.pdf:/home/dclarke/.zotero/zotero/glzum4gj.default/zotero/storage/2N2MNZD6/PhysRevD.76.054508.pdf:application/pdf}
}

@article{aoki_four-dimensional_1997,
	title = {Four-dimensional simulation of the hot electroweak phase transition with the {SU}(2) gauge-{Higgs} model},
	volume = {56},
	url = {https://journals.aps.org/prd/abstract/10.1103/PhysRevD.56.3860},
	number = {7},
	urldate = {2017-01-22},
	journal = {Phys. Rev. D},
	author = {Aoki, Y.},
	year = {1997},
	pages = {3860},
	file = {aoki1997.pdf:/home/dclarke/.zotero/zotero/glzum4gj.default/zotero/storage/EKZJU6KR/aoki1997.pdf:application/pdf}
}

@article{azcoiti_study_1988,
	title = {Study of confinement in the adjoint {SU}(2)-{Higgs} model by means of the {Fredenhagen} and {Marcu} criterion},
	volume = {200},
	url = {http://www.sciencedirect.com/science/article/pii/0370269388901657},
	number = {4},
	urldate = {2017-01-22},
	journal = {Phys. Lett. B},
	author = {Azcoiti, V. and Cruz, A. and Di Carlo, G. and Grillo, A. F. and Tarancon, A.},
	year = {1988},
	pages = {529--533},
	file = {azcoiti1988.pdf:/home/dclarke/.zotero/zotero/glzum4gj.default/zotero/storage/WNFJJX5Q/azcoiti1988.pdf:application/pdf}
}

@article{barkai_can_1982,
	title = {Can the {Monte} {Carlo} method for lattice gauge theory calculations be effectively vectorized?},
	volume = {27},
	url = {http://www.sciencedirect.com/science/article/pii/0010465582900662},
	number = {2},
	urldate = {2017-07-31},
	journal = {Comput. Phys. Commun.},
	author = {Barkai, D. and Moriarty, K. J. M.},
	year = {1982},
	pages = {105--111},
	file = {barkai1982.pdf:/home/dclarke/.zotero/zotero/glzum4gj.default/zotero/storage/ATRBBEXE/barkai1982.pdf:application/pdf}
}

@article{bazavov_heat_2005,
	title = {Heat bath efficiency with a {Metropolis}-type updating},
	volume = {71},
	issn = {1550-7998, 1550-2368},
	url = {https://link.aps.org/doi/10.1103/PhysRevD.71.114506},
	doi = {10.1103/PhysRevD.71.114506},
	language = {en},
	number = {11},
	urldate = {2017-12-29},
	journal = {Phys. Rev. D},
	author = {Bazavov, A. and Berg, B. A.},
	year = {2005},
	file = {bazavov2005.pdf:/home/dclarke/.zotero/zotero/glzum4gj.default/zotero/storage/46CVCIKJ/bazavov2005.pdf:application/pdf}
}

@book{berg_markov_2004,
	address = {Singapore},
	title = {Markov {Chain} {Monte} {Carlo} {Simulations} and {Their} {Statistical} {Analysis}},
	publisher = {World Scientific},
	author = {Berg, B. A.},
	year = {2004}
}

@article{berg_deconfinement_2017,
	title = {Deconfinement, gradient, and cooling scales for pure {SU}(2) lattice gauge theory},
	volume = {95},
	issn = {2470-0010, 2470-0029},
	url = {http://link.aps.org/doi/10.1103/PhysRevD.95.094508},
	doi = {10.1103/PhysRevD.95.094508},
	language = {en},
	number = {9},
        pages = {094508},
	urldate = {2017-08-07},
	journal = {Phys. Rev. D},
	author = {Berg, B. A. and Clarke, D. A.},
	year = {2017},
	file = {bergclarke2017.pdf:/home/dclarke/.zotero/zotero/glzum4gj.default/zotero/storage/IF5CR926/bergclarke2017.pdf:application/pdf}
}

@article{berg_fortran_2012,
	title = {Fortran code for {SU}(3) lattice gauge theory with and without {MPI} checkerboard parallelization},
	volume = {183},
	issn = {00104655},
	url = {http://linkinghub.elsevier.com/retrieve/pii/S0010465512001269},
	doi = {10.1016/j.cpc.2012.03.021},
	language = {en},
	number = {10},
	urldate = {2017-07-31},
	journal = {Comput. Phys. Commun.},
	author = {Berg, B. A. and Wu, H.},
	year = {2012},
	pages = {2145--2157},
	file = {berg2012.pdf:/home/dclarke/.zotero/zotero/glzum4gj.default/zotero/storage/4VRN38B4/berg2012.pdf:application/pdf}
}

@article{berg_dislocations_1981,
	title = {Dislocations and topological background in the lattice {O}(3) sigma model},
	volume = {104},
	doi = {10.1016/0370-2693(81)90518-9},
	number = {6},
	journal = {Phys. Lett. B},
	author = {Berg, B. A.},
	year = {1981},
	pages = {475--480},
	file = {berg1981.pdf:/home/dclarke/.zotero/zotero/glzum4gj.default/zotero/storage/N8HTJMIA/berg1981.pdf:application/pdf}
}

@article{berg_asymptotic_2015,
	title = {Asymptotic scaling and continuum limit of pure {SU}(3) lattice gauge theory},
	volume = {92},
	issn = {1550-7998, 1550-2368},
	url = {https://link.aps.org/doi/10.1103/PhysRevD.92.054501},
	doi = {10.1103/PhysRevD.92.054501},
	language = {en},
        pages = {054501},
	number = {5},
	urldate = {2017-06-07},
	journal = {Phys. Rev. D},
	author = {Berg, B. A.},
	year = {2015},
	file = {berg2015.pdf:/home/dclarke/.zotero/zotero/glzum4gj.default/zotero/storage/X74PX8QG/berg2015.pdf:application/pdf}
}

@article{bonati_phase_2010,
	title = {Phase diagram of the lattice {Higgs} model},
	volume = {828},
	issn = {05503213},
	url = {http://linkinghub.elsevier.com/retrieve/pii/S0550321309006439},
	doi = {10.1016/j.nuclphysb.2009.12.003},
	language = {en},
	number = {1-2},
	urldate = {2017-01-22},
	journal = {Nucl. Phys. B},
	author = {Bonati, C. and Cossu, G. and D'Elia, M. and Di Giacomo, A.},
	year = {2010},
	pages = {390--403},
	file = {bonati2010.pdf:/home/dclarke/.zotero/zotero/glzum4gj.default/zotero/storage/SMUT6HGR/bonati2010.pdf:application/pdf}
}

@article{bonati_comparison_2014,
	title = {Comparison of the gradient flow with cooling in {SU}(3) pure gauge theory},
	volume = {89},
	issn = {1550-7998, 1550-2368},
	url = {http://link.aps.org/doi/10.1103/PhysRevD.89.105005},
	doi = {10.1103/PhysRevD.89.105005},
	language = {en},
	number = {10},
	urldate = {2017-01-22},
	journal = {Phys. Rev. D},
	author = {Bonati, C. and D'Elia, M.},
	year = {2014},
	pages = {105005},
	file = {bonati2014.pdf:/home/dclarke/.zotero/zotero/glzum4gj.default/zotero/storage/ZKZSFJBR/bonati2014.pdf:application/pdf}
}

@article{borsanyi_high-precision_2012,
	title = {High-precision scale setting in lattice {QCD}},
	volume = {2012},
	url = {http://www.springerlink.com/index/r71n7l2463r735v0.pdf},
	number = {9},
	urldate = {2017-01-22},
	journal = {J. High Energy Phys.},
	author = {Borsanyi, S. and DÃ¼rr, S. and Fodor, Z. and Hoelbling, C. and Katz, S. D. and Krieg, S. and Kurth, T. and Lellouch, L. and Lippert, T. and McNeile, C. and {others}},
	year = {2012},
	pages = {1--15},
	file = {borsanyi_etal2012.pdf:/home/dclarke/.zotero/zotero/glzum4gj.default/zotero/storage/XP5ZB44V/borsanyi_etal2012.pdf:application/pdf}
}

@article{brower_qcd_2003,
	title = {{QCD} at fixed topology},
	volume = {560},
	issn = {03702693},
	url = {http://linkinghub.elsevier.com/retrieve/pii/S0370269303003691},
	doi = {10.1016/S0370-2693(03)00369-1},
	language = {en},
	number = {1-2},
	urldate = {2017-11-07},
	journal = {Phys. Lett. B},
	author = {Brower, R. and Chandrasekharan, S. and Negele, J.W. and Wiese, U.-J.},
	year = {2003},
	pages = {64--74},
	file = {brower2003.pdf:/home/dclarke/.zotero/zotero/glzum4gj.default/zotero/storage/SS6HKB8I/brower2003.pdf:application/pdf}
}

@article{brown_overrelaxed_1987,
	title = {Overrelaxed heat-bath and {Metropolis} algorithms for accelerating pure gauge {Monte} {Carlo} calculations},
	volume = {58},
	url = {https://journals.aps.org/prl/abstract/10.1103/PhysRevLett.58.2394},
	number = {23},
	urldate = {2017-01-22},
	journal = {Phys. Rev. Lett.},
	author = {Brown, F. R. and Woch, T. J.},
	year = {1987},
	pages = {2394},
	file = {brown_woch1987.pdf:/home/dclarke/.zotero/zotero/glzum4gj.default/zotero/storage/GGTCWMX3/brown_woch1987.pdf:application/pdf}
}

@article{buchmuller_phase_1995,
	title = {Phase structure and phase transition of the {SU}(2) {Higgs} model in three dimensions},
	volume = {443},
	url = {http://www.sciencedirect.com/science/article/pii/055032139500124B},
	number = {1-2},
	urldate = {2017-01-22},
	journal = {Nucl. Phys. B},
	author = {Buchm\"uller, W. and Philipsen, O.},
	year = {1995},
	pages = {47--69},
	file = {buchmuller_etal1995.pdf:/home/dclarke/.zotero/zotero/glzum4gj.default/zotero/storage/PVUIUB7P/buchmuller_etal1995.pdf:application/pdf}
}

@article{bulava_higgs-yukawa_2013,
	title = {Higgs-{Yukawa} {Model} in {Chirally} {Invariant} {Lattice} {Field} {Theory}},
	volume = {2013},
	issn = {1687-7357, 1687-7365},
	url = {http://www.hindawi.com/journals/ahep/2013/875612/},
	doi = {10.1155/2013/875612},
	language = {en},
	urldate = {2017-08-15},
	journal = {Advances in High Energy Physics},
	author = {Bulava, J. and Gerhold, P. and Jansen, K. and Kallarackal, J. and Knippschild, B. and Lin, C.-J. David and Nagai, Kei-Ichi and Nagy, Attila and Ogawa, Kenji},
	year = {2013},
	pages = {1--24},
	file = {875612.pdf:/home/dclarke/.zotero/zotero/glzum4gj.default/zotero/storage/N8KK6VZU/875612.pdf:application/pdf}
}

@article{bunk_lattice_1992,
	title = {Lattice studies at zero and finite temperature in the {SU}(2) {Higgs} model at small couplings},
	volume = {284},
	url = {http://www.sciencedirect.com/science/article/pii/037026939290447C},
	number = {3-4},
	urldate = {2017-01-22},
	journal = {Phys. Lett. B},
	author = {Bunk, B. and Ilgenfritz, E.-M. and Kripfganz, J. and Schiller, A.},
	year = {1992},
	pages = {371--376},
	file = {bunk1992.pdf:/home/dclarke/.zotero/zotero/glzum4gj.default/zotero/storage/NUNJM544/bunk1992.pdf:application/pdf}
}

@article{cabibbo_new_1982,
	title = {A new method for updating {SU}({N}) matrices in computer simulations of gauge theories},
	volume = {119},
	number = {4-6},
	journal = {Phys. Lett. B},
	author = {Cabibbo, N. and Marinari, E.},
	year = {1982},
	pages = {387--390},
	file = {cabibbo1982.pdf:/home/dclarke/.zotero/zotero/glzum4gj.default/zotero/storage/MAX9QFXZ/cabibbo1982.pdf:application/pdf}
}

@article{cardoso_su_2011,
	title = {{SU}(2) lattice gauge theory simulations on {Fermi} {GPUs}},
	volume = {230},
	issn = {00219991},
	url = {http://linkinghub.elsevier.com/retrieve/pii/S0021999111001124},
	doi = {10.1016/j.jcp.2011.02.023},
	language = {en},
	number = {10},
	urldate = {2017-12-29},
	journal = {J. Comput. Phys.},
	author = {Cardoso, N. and Bicudo, P.},
	year = {2011},
	pages = {3998--4010},
	file = {cardoso2011.pdf:/home/dclarke/.zotero/zotero/glzum4gj.default/zotero/storage/CJB2GBQU/cardoso2011.pdf:application/pdf}
}

@article{caswell_asymptotic_1974,
	title = {Asymptotic behavior of non-abelian gauge theories to two-loop order},
	volume = {33},
	url = {https://journals.aps.org/prl/abstract/10.1103/PhysRevLett.33.244},
	number = {4},
	urldate = {2017-08-07},
	journal = {Phys. Rev. Lett.},
	author = {Caswell, W. E.},
	year = {1974},
	pages = {244-246},
	file = {PhysRevLett.33.244.pdf:/home/dclarke/.zotero/zotero/glzum4gj.default/zotero/storage/UW9MCWGE/PhysRevLett.33.244.pdf:application/pdf}
}

@article{celmaster_renormalization-prescription_1979,
	title = {Renormalization-prescription dependence of the quantum-chromodynamic coupling constant},
	volume = {20},
	number = {6},
	journal = {Phys. Rev. D},
	author = {Celmaster, W. and Gonsalves, R. J.},
	year = {1979},
	pages = {1420},
	file = {PhysRevD.20.1420.pdf:/home/dclarke/.zotero/zotero/xnzcwrpn.default/zotero/storage/S327M6MX/PhysRevD.20.1420.pdf:application/pdf}
}

@article{cheng_higgs_1974,
	title = {Higgs phenomena in asymptotically free gauge theories},
	volume = {9},
	url = {https://journals.aps.org/prd/abstract/10.1103/PhysRevD.9.2259},
	number = {8},
	urldate = {2017-05-03},
	journal = {Phys. Rev. D},
	author = {Cheng, T. P. and Eichten, E. and Li, Ling-Fong},
	year = {1974},
	pages = {2259},
	file = {PhysRevD.9.2259.pdf:/home/dclarke/.zotero/zotero/glzum4gj.default/zotero/storage/ANQ7NJC9/PhysRevD.9.2259.pdf:application/pdf}
}

@article{creutz_monte_1980,
	title = {Monte {Carlo} study of quantized {SU}(2) gauge theory},
	volume = {21},
	url = {https://journals.aps.org/prd/abstract/10.1103/PhysRevD.21.2308},
	number = {8},
	urldate = {2017-01-22},
	journal = {Phys. Rev. D},
	author = {Creutz, M.},
	year = {1980},
	pages = {2308-2315},
	file = {creutz1980.pdf:/home/dclarke/.zotero/zotero/glzum4gj.default/zotero/storage/S2ARW43Q/creutz1980.pdf:application/pdf}
}

@article{creutz_overrelaxation_1987,
	title = {Overrelaxation and {Monte} {Carlo} Simulation},
	volume = {36},
	number = {2},
	journal = {Phys. Rev. D},
	author = {Creutz, M.},
	year = {1987},
	pages = {515--519}
}

@article{creutz_lattice_2015,
	title = {The lattice and quantized {Yang}â{Mills} theory},
	volume = {30},
	url = {http://www.worldscientific.com/doi/abs/10.1142/S021773231530027X},
	number = {36},
	urldate = {2017-01-22},
	journal = {Modern Phys. Lett. A},
	author = {Creutz, M.},
	year = {2015},
	pages = {1530027},
	file = {ZZ_historyofLGT.pdf:/home/dclarke/.zotero/zotero/glzum4gj.default/zotero/storage/WD44AR8R/ZZ_historyofLGT.pdf:application/pdf}
}

@article{damgaard_higgs_1985,
	title = {Higgs and confinement phases in the fundamental {SU}(2) {Higgs} model: mean field analysis},
	volume = {164B},
	number = {1-3},
	journal = {Phys. Lett.},
	author = {Damgaard, P. H. and Heller, U. M.},
	year = {1985},
	pages = {121--126},
	file = {9610014.pdf:/home/dclarke/.zotero/zotero/glzum4gj.default/zotero/storage/3VRMVAUF/9610014.pdf:application/pdf}
}

@article{dashen_how_1983,
	title = {How to get an upper bound on the {Higgs} mass},
	volume = {50},
	url = {https://journals.aps.org/prl/abstract/10.1103/PhysRevLett.50.1897},
	number = {24},
	urldate = {2017-01-22},
	journal = {Phys. Rev. Lett.},
	author = {Dashen, R. and Neuberger, H.},
	year = {1983},
	pages = {1897},
	file = {dashen_neuberger1983.pdf:/home/dclarke/.zotero/zotero/glzum4gj.default/zotero/storage/792H57RF/dashen_neuberger1983.pdf:application/pdf}
}

@article{davies_update:_2010,
	title = {Update: {Precision} {D} s decay constant from full lattice {QCD} using very fine lattices},
	volume = {82},
	issn = {1550-7998, 1550-2368},
	shorttitle = {Update},
	url = {http://link.aps.org/doi/10.1103/PhysRevD.82.114504},
	doi = {10.1103/PhysRevD.82.114504},
	language = {en},
	number = {11},
	urldate = {2017-02-23},
	journal = {Phys. Rev. D},
	author = {Davies, C. T. H. and McNeile, C. and Follana, E. and Lepage, G. P. and Na, H. and Shigemitsu, J.},
	year = {2010},
	file = {PhysRevD.82.114504.pdf:/home/dclarke/.zotero/zotero/glzum4gj.default/zotero/storage/UBQQ32AP/PhysRevD.82.114504.pdf:application/pdf}
}

@article{delia_phase_2013,
	title = {Phase diagram of {Yang}-{Mills} theories in the presence of a
$\theta$ term},
	volume = {88},
	issn = {1550-7998, 1550-2368},
	url = {https://link.aps.org/doi/10.1103/PhysRevD.88.034503},
	doi = {10.1103/PhysRevD.88.034503},
	language = {en},
	number = {3},
	urldate = {2017-07-11},
	journal = {Phys. Rev. D},
        pages = {034503},
	author = {D'Elia, M. and Negro, F.},
	year = {2013},
	file = {delia2013.pdf:/home/dclarke/.zotero/zotero/glzum4gj.default/zotero/storage/K8XNBHS4/delia2013.pdf:application/pdf}
}

@article{engels_critical_1996,
	title = {Critical behaviour of {SU}(2) lattice gauge theory. {A}
complete analysis with the $\chi^2$-method},
	volume = {365},
	url = {http://www.sciencedirect.com/science/article/pii/037026939501280X},
	number = {1-4},
	urldate = {2017-01-22},
	journal = {Phys. Lett. B},
	author = {Engels, J. and Mashkevich, S. and Scheideler, T. and Zinovjev, G.},
	year = {1996},
	pages = {219--224},
	file = {engels_etal1996.pdf:/home/dclarke/.zotero/zotero/glzum4gj.default/zotero/storage/77K4ZT95/engels_etal1996.pdf:application/pdf}
}

@article{engels_calculation_1999,
	title = {The calculation of critical amplitudes in {SU}(2) lattice gauge theory},
	volume = {539},
	journal = {Nucl. Phys. B},
	author = {Engels, J. and Scheideler, T.},
	year = {1999},
	pages = {557--576}
}

@article{evertz_towards_1989,
	title = {Towards a better quantitative understanding of the {SU} (2) {Higgs} model},
	volume = {221},
	url = {http://www.sciencedirect.com/science/article/pii/0370269389914883},
	number = {2},
	urldate = {2017-07-11},
	journal = {Phys. Lett. B},
	author = {Evertz, H. G. and Katznelson, E. and Lauwers, P. and Marcu, M.},
	year = {1989},
	pages = {143--150},
	file = {evertz1989.pdf:/home/dclarke/.zotero/zotero/glzum4gj.default/zotero/storage/NATR647F/evertz1989.pdf:application/pdf}
}

@article{evertz_su2_1986,
	title = {{SU}(2) {Higgs} boson and vector boson masses on the lattice},
	volume = {171},
	number = {2-3},
	journal = {Phys. Lett. B},
	author = {Evertz, H. G. and Jersak, J. and Lang, C. B. and Neuhaus, T.},
	year = {1986},
	pages = {271--279},
	file = {PhysRevD.82.114504.pdf:/home/dclarke/.zotero/zotero/glzum4gj.default/zotero/storage/Q2H6C2V3/PhysRevD.82.114504.pdf:application/pdf}
}

@article{fabricius_heat_1984,
	title = {Heat bath method for the twisted {Eguchi}-{Kawai} model},
	volume = {143},
	url = {http://www.sciencedirect.com/science/article/pii/0370269384915028},
	number = {4-6},
	urldate = {2017-07-31},
	journal = {Phys. Lett. B},
	author = {Fabricius, K. and Haan, O.},
	year = {1984},
	pages = {459--462},
	file = {fabricius1984.pdf:/home/dclarke/.zotero/zotero/glzum4gj.default/zotero/storage/UII69S8M/fabricius1984.pdf:application/pdf}
}

@article{ferrenberg_optimized_1989,
	title = {Optimized monte carlo data analysis},
	volume = {63},
	url = {https://journals.aps.org/prl/abstract/10.1103/PhysRevLett.63.1195},
	number = {12},
	urldate = {2017-01-22},
	journal = {Phys. Rev. Lett.},
	author = {Ferrenberg, A. M. and Swendsen, R. H.},
	year = {1989},
	pages = {1195},
	file = {ferrenberg_swendsen1989.pdf:/home/dclarke/.zotero/zotero/glzum4gj.default/zotero/storage/SMDKEXRU/ferrenberg_swendsen1989.pdf:application/pdf}
}

@article{fodor_simulating_1995,
	title = {Simulating the electroweak phase transition in the {SU} (2) {Higgs} model},
	volume = {439},
	url = {http://www.sciencedirect.com/science/article/pii/055032139500038T},
	number = {1-2},
	urldate = {2017-01-22},
	journal = {Nucl. Phys. B},
	author = {Fodor, Z. and Hein, J. and Jansen, K. and Jaster, A. and Montvay, I.},
	year = {1995},
	pages = {147--186},
	file = {fodor1995.pdf:/home/dclarke/.zotero/zotero/glzum4gj.default/zotero/storage/35H5BGDT/fodor1995.pdf:application/pdf}
}

@article{fodor_light_2012,
	title = {Light hadron masses from lattice {QCD}},
	volume = {84},
	issn = {0034-6861, 1539-0756},
	url = {https://link.aps.org/doi/10.1103/RevModPhys.84.449},
	doi = {10.1103/RevModPhys.84.449},
	language = {en},
	number = {2},
	urldate = {2017-11-06},
	journal = {Reviews of Modern Physics},
	author = {Fodor, Z. and Hoelbling, C.},
	year = {2012},
	pages = {449--495},
	file = {RevModPhys.84.449.pdf:/home/dclarke/.zotero/zotero/glzum4gj.default/zotero/storage/ZQFGCK78/RevModPhys.84.449.pdf:application/pdf}
}

@article{fodor_overrelaxation_1994,
	title = {Overrelaxation algorithm for coupled {Gauge}-{Higgs} systems},
	volume = {331},
	url = {http://www.sciencedirect.com/science/article/pii/0370269394909512},
	number = {1-2},
	urldate = {2017-01-22},
	journal = {Phys. Lett. B},
	author = {Fodor, Z. and Jansen, K.},
	year = {1994},
	pages = {119--123},
	file = {fodor1994.pdf:/home/dclarke/.zotero/zotero/glzum4gj.default/zotero/storage/TAW29IEB/fodor1994.pdf:application/pdf}
}

@article{follana_high-precision_2008,
	title = {High-{Precision} {Determination} of the Ï, {K}, {D}, and {D} s {Decay} {Constants} from {Lattice} {QCD}},
	volume = {100},
	url = {https://journals.aps.org/prl/abstract/10.1103/PhysRevLett.100.062002},
	number = {6},
	urldate = {2017-02-23},
	journal = {Physical review letters},
	author = {Follana, E. and Davies, C. T. H. and Lepage, G. P. and Shigemitsu, J. and {others}},
	year = {2008},
	pages = {062002},
	file = {follana_etal.pdf:/home/dclarke/.zotero/zotero/glzum4gj.default/zotero/storage/7I3R697I/follana_etal.pdf:application/pdf}
}

@article{fradkin_phase_1979,
	title = {Phase diagrams of lattice gauge theories with {Higgs} fields},
	volume = {19},
	number = {12},
	journal = {Phys. Rev. D},
	author = {Fradkin, E. and Shenker, S. H.},
	year = {1979},
	pages = {3682--3697}
}

@book{gattringer_quantum_2010,
	address = {Berlin},
	title = {Quantum {Chromodynamics} on the {Lattice}},
	isbn = {978-3-642-01849-7},
	publisher = {Springer},
	author = {Gattringer, C. and Lang, C. B.},
	year = {2010}
}

@article{gies_asymptotically_2015,
	title = {Asymptotically free scaling solutions in non-{Abelian} {Higgs} models},
	volume = {92},
	issn = {1550-7998, 1550-2368},
	url = {https://link.aps.org/doi/10.1103/PhysRevD.92.025016},
	doi = {10.1103/PhysRevD.92.025016},
	language = {en},
	number = {2},
	urldate = {2017-05-23},
	journal = {Phys. Rev. D},
	author = {Gies, H. and Zambelli, L.},
	year = {2015},
	file = {gieszambelli2015.pdf:/home/dclarke/.zotero/zotero/glzum4gj.default/zotero/storage/NW76IZMP/gieszambelli2015.pdf:application/pdf}
}

@article{gockeler_determination_2006,
	title = {Determination of the {Lambda} parameter from full lattice {QCD}},
	volume = {73},
	issn = {1550-7998, 1550-2368},
	url = {https://link.aps.org/doi/10.1103/PhysRevD.73.014513},
	doi = {10.1103/PhysRevD.73.014513},
	language = {en},
	number = {1},
	urldate = {2017-12-29},
	journal = {Phys. Rev. D},
	author = {G\"ockeler, M. and Horsley, R. and Irving, A. C. and Pleiter, D. and Rakow, P. E. L. and Schierholz, G. and St\"uben, H.},
	year = {2006},
	file = {gckeler2006.pdf:/home/dclarke/.zotero/zotero/glzum4gj.default/zotero/storage/SAQJFC48/gckeler2006.pdf:application/pdf}
}

@article{gongyo_phase_2015,
	title = {Phase structure and the gluon propagator of {SU}(2) gauge-{Higgs} model in two dimensions},
	volume = {2015},
	issn = {1029-8479},
	url = {http://link.springer.com/10.1007/JHEP01(2015)002},
	doi = {10.1007/JHEP01(2015)002},
	language = {en},
	number = {1},
	urldate = {2017-01-22},
	journal = {J. High Energy Phys.},
	author = {Gongyo, S. and Zwanziger, D.},
	year = {2015},
	file = {gongyo2015.pdf:/home/dclarke/.zotero/zotero/glzum4gj.default/zotero/storage/I9JAGEGT/gongyo2015.pdf:application/pdf}
}

@inproceedings{gottlieb_lattice_2016,
	title = {Lattice field theory applications in high energy physics},
	volume = {759},
	url = {http://iopscience.iop.org/article/10.1088/1742-6596/759/1/012007/meta},
	urldate = {2017-01-22},
	booktitle = {Journal of {Physics}: {Conference} {Series}},
	publisher = {IOP Publishing},
	author = {Gottlieb, S.},
	year = {2016},
	pages = {012007},
	file = {gottlieb2016.pdf:/home/dclarke/.zotero/zotero/glzum4gj.default/zotero/storage/9U5XW2QA/gottlieb2016.pdf:application/pdf}
}

@article{gross_asymptotically_1973,
	title = {Asymptotically free gauge theories.},
	volume = {8},
	url = {https://journals.aps.org/prd/abstract/10.1103/PhysRevD.8.3633},
	number = {10},
	urldate = {2017-05-03},
	journal = {Phys. Rev. D},
	author = {Gross, D. J. and Wilczek, F.},
	year = {1973},
	pages = {3633},
	file = {PhysRevD.8.3633.pdf:/home/dclarke/.zotero/zotero/glzum4gj.default/zotero/storage/TBMHSJ5M/PhysRevD.8.3633.pdf:application/pdf}
}

@article{gross_d.j._ultraviolet_1973,
	title = {Ultraviolet behavior of non-abelian gauge theories},
	volume = {30},
	url = {https://journals.aps.org/prd/abstract/10.1103/PhysRevD.8.3497},
	number = {26},
	urldate = {2017-04-05},
	journal = {Phys. Rev. Lett.},
	author = {Gross, D. J. and Wilczek, F.},
	year = {1973},
	pages = {1343-1346},
	file = {PhysRevLett.30.1343.pdf:/home/dclarke/.zotero/zotero/glzum4gj.default/zotero/storage/Q2V7FVBA/PhysRevLett.30.1343.pdf:application/pdf}
}

@article{hasenfratz_connection_1980,
	title = {The connection between the ${\Lambda}$ parameters of lattice and continuum {QCD}},
	volume = {93},
	journal = {Phys. Lett. B},
	author = {Hasenfratz, A. and Hasenfratz, P.},
	year = {1980},
	pages = {165},
	file = {hasenfratz1980.pdf:/home/dclarke/.zotero/zotero/xnzcwrpn.default/zotero/storage/JQP8ZHV8/hasenfratz1980.pdf:application/pdf}
}

@article{heller_status_1994,
	title = {Status of the {Higgs} mass bound},
	volume = {34},
	url = {http://www.sciencedirect.com/science/article/pii/0920563294903239},
	urldate = {2017-05-23},
	journal = {Nucl. Phys. B-Proceedings Supplements},
	author = {Heller, U. M.},
	year = {1994},
	pages = {101--106},
	file = {heller1994.pdf:/home/dclarke/.zotero/zotero/glzum4gj.default/zotero/storage/MHEPSH79/heller1994.pdf:application/pdf}
}

@article{jersak_properties_1985,
	title = {Properties of phase transitions of the lattice {SU} (2) {Higgs} model},
	volume = {32},
	url = {https://journals.aps.org/prd/abstract/10.1103/PhysRevD.32.2761},
	number = {10},
	urldate = {2017-05-03},
	journal = {Phys. Rev. D},
	author = {JersÃ¡k, J. and Lang, C. B. and Neuhaus, T. and Vones, G.},
	year = {1985},
	pages = {2761},
	file = {jersak_etal1985.pdf:/home/dclarke/.zotero/zotero/glzum4gj.default/zotero/storage/BIDUTJ4F/jersak_etal1985.pdf:application/pdf}
}

@article{jones_two-loop_1974,
	title = {Two-loop diagrams in {Yang}-{Mills} theory},
	volume = {75},
	url = {http://www.sciencedirect.com/science/article/pii/0550321374900935},
	number = {3},
	urldate = {2017-01-22},
	journal = {Nucl. Phys. B},
	author = {Jones, D. R. T.},
	year = {1974},
	pages = {531--538},
	file = {jones1974.pdf:/home/dclarke/.zotero/zotero/glzum4gj.default/zotero/storage/6IS2NG3H/jones1974.pdf:application/pdf}
}

@article{kennedy_improved_1985,
	title = {Improved heatbath method for {Monte} {Carlo} calculations in lattice gauge theories},
	volume = {156},
	journal = {Phys. Lett. B},
	author = {Kennedy, A. D. and Pendleton, B. J.},
	year = {1985},
	pages = {393-399},
	file = {kennedy1985.pdf:/home/dclarke/.zotero/zotero/glzum4gj.default/zotero/storage/A7P8SWDM/kennedy1985.pdf:application/pdf}
}

@article{kogut_introduction_1979,
	title = {An introduction to lattice gauge theory and spin systems},
	volume = {51},
	url = {https://journals.aps.org/rmp/abstract/10.1103/RevModPhys.51.659},
	number = {4},
	urldate = {2017-02-23},
	journal = {Reviews of Modern Physics},
	author = {Kogut, J. B.},
	year = {1979},
	pages = {659},
	file = {kogut1979.pdf:/home/dclarke/.zotero/zotero/glzum4gj.default/zotero/storage/8MSEVDXD/kogut1979.pdf:application/pdf}
}

@article{kraus_renormalization_1992,
	title = {Renormalization of a model quantum field theory},
	volume = {60},
	issn = {0002-9505, 1943-2909},
	url = {http://aapt.scitation.org/doi/10.1119/1.16980},
	doi = {10.1119/1.16980},
	language = {en},
	number = {11},
	urldate = {2017-01-22},
	journal = {American Journal of Physics},
	author = {Kraus, P. and Griffiths, D. J.},
	year = {1992},
	pages = {1013--1023},
	file = {kraus_griffiths1992.pdf:/home/dclarke/.zotero/zotero/glzum4gj.default/zotero/storage/7RBTEGGU/kraus_griffiths1992.pdf:application/pdf}
}

@article{langguth_monte_1986,
	title = {Monte {Carlo} study of the standard {SU}(2) {Higgs} model},
	volume = {277},
	journal = {Nucl. Phys. B},
	author = {Langguth, W. and Montvay, I. and Weisz, P.},
	year = {1986},
	pages = {11--49},
	file = {langguth1986.pdf:/home/dclarke/.zotero/zotero/glzum4gj.default/zotero/storage/ZBF48DQV/langguth1986.pdf:application/pdf}
}

@article{langguth_two_1985,
	title = {Two state signal at the confinement-{Higgs} phase transition in the standard {SU}(2) {Higgs} model},
	volume = {165B},
	number = {1-3},
	journal = {Phys. Lett.},
	author = {Langguth, W. and Montvay, I.},
	year = {1985},
	pages = {135--139},
	file = {langguth1985.pdf:/home/dclarke/.zotero/zotero/glzum4gj.default/zotero/storage/CFZDNT26/langguth1985.pdf:application/pdf}
}

@article{leutwyler_spectrum_1992,
	title = {Spectrum of {Dirac} operator and role of winding number in {QCD}},
	volume = {46},
	number = {12},
	journal = {Phys. Rev. D},
	author = {Leutwyler, H. and Smilga, A.},
	year = {1992},
	pages = {5607},
	file = {leutwyler_smiga.pdf:/home/dclarke/.zotero/zotero/glzum4gj.default/zotero/storage/JZE8UCDZ/leutwyler_smiga.pdf:application/pdf}
}

@article{lucini_high_2004,
	title = {The high temperature phase transition in {SU}({N}) gauge theories},
	volume = {2004},
	number = {1},
        pages = {061},
	journal = {J. High Energy Phys.},
	author = {Lucini, B. and Teper, M. and Wenger, U.},
	year = {2004},
	file = {Biagio_Lucini_2004_J._High_Energy_Phys._2004_061.pdf:/home/dclarke/.zotero/zotero/glzum4gj.default/zotero/storage/24WATB82/Biagio_Lucini_2004_J._High_Energy_Phys._2004_061.pdf:application/pdf}
}

@article{luscher_lattice_2011,
	title = {Lattice {QCD} without topology barriers},
	volume = {2011},
	issn = {1029-8479},
	url = {http://link.springer.com/10.1007/JHEP07(2011)036},
	doi = {10.1007/JHEP07(2011)036},
	language = {en},
	number = {7},
        pages = {036},
	urldate = {2017-06-07},
	journal = {J. High Energy Phys.},
	author = {L\"uscher, M. and Schaefer, S.},
	year = {2011},
	file = {lscher2011.pdf:/home/dclarke/.zotero/zotero/glzum4gj.default/zotero/storage/B47NEIPV/lscher2011.pdf:application/pdf}
}

@article{luscher_scaling_1989,
	title = {Scaling laws and triviality bounds in the lattice Ï4 theory ({III}). n-component model},
	volume = {318},
	url = {http://www.sciencedirect.com/science/article/pii/0550321389906378},
	number = {3},
	urldate = {2017-01-22},
	journal = {Nucl. Phys. B},
	author = {L\"uscher, M. and Weisz, P.},
	year = {1989},
	pages = {705--741},
	file = {luescher_weisz1988.pdf:/home/dclarke/.zotero/zotero/glzum4gj.default/zotero/storage/UNK3Z55U/luescher_weisz1988.pdf:application/pdf}
}

@article{luscher_computation_1995,
	title = {Computation of the relation between the bare lattice coupling and the {MS} coupling in {SU} ({N}) gauge theories to two loops},
	volume = {452},
	number = {1-2},
	journal = {Nucl. Phys. B},
	author = {L\"uscher, M. and Weisz, P.},
	year = {1995},
	pages = {234--260},
	file = {lscher1995.pdf:/home/dclarke/.zotero/zotero/glzum4gj.default/zotero/storage/JNDBJPW8/lscher1995.pdf:application/pdf}
}

@article{luscher_does_1982,
	title = {Does the topological susceptibility in lattice Ï models scale according to the perturbative renormalization group?},
	volume = {200},
	url = {http://www.sciencedirect.com/science/article/pii/055032138290058X},
	number = {1},
	urldate = {2017-01-22},
	journal = {Nucl. Phys. B},
	author = {L\"uscher, M.},
	year = {1982},
	pages = {61--70},
	file = {luescher1982.pdf:/home/dclarke/.zotero/zotero/glzum4gj.default/zotero/storage/FUWW73FF/luescher1982.pdf:application/pdf}
}

@article{luscher_trivializing_2010,
	title = {Trivializing {Maps}, the {Wilson} {Flow} and the {HMC} {Algorithm}},
	volume = {293},
	issn = {0010-3616, 1432-0916},
	url = {http://link.springer.com/10.1007/s00220-009-0953-7},
	doi = {10.1007/s00220-009-0953-7},
	language = {en},
	number = {3},
	urldate = {2017-01-22},
	journal = {Commun. Math. Phys.},
	author = {L\"uscher, M.},
	year = {2010},
	pages = {899--919},
	file = {gradient_flow.pdf:/home/dclarke/.zotero/zotero/glzum4gj.default/zotero/storage/IDKFHG4Q/gradient_flow.pdf:application/pdf}
}

@article{luscher_properties_2010,
	title = {Properties and uses of the {Wilson} flow in lattice {QCD}},
	volume = {2010},
	issn = {1029-8479},
	url = {http://link.springer.com/10.1007/JHEP08(2010)071},
	doi = {10.1007/JHEP08(2010)071},
	language = {en},
	number = {8},
        pages = {071},
	urldate = {2017-11-07},
	journal = {J. High Energy Phys.},
	author = {L\"uscher, M.},
	year = {2010},
	file = {10.1007%2FJHEP08(2010)071.pdf:/home/dclarke/.zotero/zotero/glzum4gj.default/zotero/storage/VZ9C9II7/10.1007%2FJHEP08(2010)071.pdf:application/pdf}
}

@article{machacek_iwo-loop_1985,
	title = {â{IWO}-{LOOP} {RENORMALIZATION} {GROUP} {EQUATIONS} {IN} {A} {GENERAL} {QUANTUM} {FIELD} {THEORY} ({III}). {Scalar} quark couplings},
	volume = {249},
	url = {https://www.researchgate.net/profile/M_Vaughn2/publication/222003314_Two-loop_renormalization_group_equations_in_a_general_quantum_field_theory_III_Scalar_quartic_couplings/links/54007cf90cf24c81027e0188.pdf},
	urldate = {2017-05-03},
	journal = {Nucl. Phys.},
	author = {MACHACEK, M. E. and VAUGHN, M. T.},
	year = {1985},
	pages = {70--92},
	file = {machacek1985.pdf:/home/dclarke/.zotero/zotero/glzum4gj.default/zotero/storage/VE8KZ9AM/machacek1985.pdf:application/pdf}
}

@article{metropolis_equation_1953,
	title = {Equation of State Calculations by Fast Computing Machines},
	volume = {21},
	issn = {0021-9606, 1089-7690},
	url = {http://aip.scitation.org/doi/10.1063/1.1699114},
	doi = {10.1063/1.1699114},
	language = {en},
	number = {6},
	urldate = {2017-12-29},
	journal = {J. Chem. Phys.},
	author = {Metropolis, N. and Rosenbluth, A. W. and Rosenbluth, M. N. and Teller, A. H. and Teller, E.},
	year = {1953},
	pages = {1087--1092},
	file = {EquationOfState.pdf:/home/dclarke/.zotero/zotero/glzum4gj.default/zotero/storage/DZ87SZ46/EquationOfState.pdf:application/pdf}
}

@article{michael_fitting_1994,
	title = {Fitting correlated data},
	volume = {49},
	url = {https://journals.aps.org/prd/abstract/10.1103/PhysRevD.49.2616},
	number = {5},
	urldate = {2017-01-22},
	journal = {Phys. Rev. D},
	author = {Michael, C.},
	year = {1994},
	pages = {2616},
	file = {cmichael1993.pdf:/home/dclarke/.zotero/zotero/glzum4gj.default/zotero/storage/S3EQCEJW/cmichael1993.pdf:application/pdf}
}

@article{mihaila_gauge_2012,
	title = {Gauge coupling beta functions in the standard model to three loops},
	volume = {108},
	url = {https://journals.aps.org/prl/abstract/10.1103/PhysRevLett.108.151602},
	number = {15},
	urldate = {2017-05-03},
	journal = {Phys. Rev. Lett.},
	author = {Mihaila, L. N. and Salomon, J. and Steinhauser, M.},
	year = {2012},
	pages = {151602},
	file = {1201.5868.pdf:/home/dclarke/.zotero/zotero/glzum4gj.default/zotero/storage/BMXZAMTE/1201.5868.pdf:application/pdf}
}

@book{montvay_quantum_1994,
	title = {Quantum {Fields} on a {Lattice}},
	publisher = {Cambridge},
        address = {Cambridge},
	author = {Montvay, I. and M\"unster, G.},
	year = {1994}
}

@article{montvay_correlations_1985,
	title = {Correlations in the {SU}(2) fundamental {Higgs} model},
	volume = {150B},
	number = {6},
	journal = {Phys. Lett.},
	author = {Montvay, I.},
	year = {1985},
	pages = {441--446}
}

@article{montvay_correlations_1986,
	title = {Correlations and static energies in the standard {Higgs} model},
	volume = {29},
	journal = {Nucl. Phys. B},
	author = {Montvay, I.},
	year = {1986},
	pages = {170--204}
}

@book{peskin_introduction_1995,
	address = {Boulder},
	title = {An {Introduction} to {Quantum} {Field} {Theory}},
	isbn = {978-0-201-50397-5},
	publisher = {Westview},
	author = {Peskin, M. E. and Schroeder, D. V.},
	year = {1995}
}

@article{phillips_lattice_1986,
	title = {Lattice gauge fields, principal bundles and the calculation of topological charge},
	volume = {103},
	number = {4},
	journal = {Commun. Math. Phys.},
	author = {Phillips, A. and Stone, D.},
	year = {1986},
	pages = {599--636},
	file = {10.1007%2FBF01211167.pdf:/home/dclarke/.zotero/zotero/xnzcwrpn.default/zotero/storage/UBDBUPNW/10.1007%2FBF01211167.pdf:application/pdf}
}

@article{politzer_reliable_1973,
	title = {Reliable perturbative results for strong interactions?},
	volume = {30},
	url = {https://journals.aps.org/prl/abstract/10.1103/PhysRevLett.30.1346},
	number = {26},
	urldate = {2017-04-05},
	journal = {Phys. Rev. Lett.},
	author = {Politzer, H. D.},
	year = {1973},
	pages = {1346-1349},
	file = {PhysRevLett.30.1346.pdf:/home/dclarke/.zotero/zotero/glzum4gj.default/zotero/storage/8VMXQM2U/PhysRevLett.30.1346.pdf:application/pdf}
}

@article{reisz_lattice_1989,
	title = {Lattice gauge theory: renormalization to all orders in the loop expansion},
	volume = {318},
	journal = {Nucl. Phys. B},
	author = {Reisz, T.},
	year = {1989},
	pages = {417--463},
	file = {ATLASCMS2015.pdf:/home/dclarke/.zotero/zotero/glzum4gj.default/zotero/storage/JEZ3A6A8/ATLASCMS2015.pdf:application/pdf}
}

@book{rothe_lattice_2005,
	address = {Singapore},
	title = {Lattice {Gauge} {Theories}},
	isbn = {981-256-168-4},
	publisher = {World Scientific},
	author = {Rothe, H. J.},
	year = {2005}
}

@book{smit_introduction_2002,
	title = {Introduction to {Quantum} {Fields} on a {Lattice}},
	publisher = {Cambridge University Press},
	author = {Smit, J.},
	year = {2002}
}

@article{sommer_new_1994,
	title = {A new way to set the energy scale in lattice gauge theories and its application to the static force and Ïs in {SU} (2) {Yang}-{Mills} theory},
	volume = {411},
	number = {2-3},
	journal = {Nucl. Phys. B},
	author = {Sommer, R.},
	year = {1994},
	pages = {839--854},
	file = {sommer1994.pdf:/home/dclarke/.zotero/zotero/glzum4gj.default/zotero/storage/PCC73ZA9/sommer1994.pdf:application/pdf}
}

@article{sommer_scale_2014,
	title = {Scale setting in lattice {QCD}},
	urldate = {2017-02-23},
	journal = {PoS LATTICE 2013},
	author = {Sommer, R.},
        volume = {015},
	year = {2014},
	file = {1401.3270.pdf:/home/dclarke/.zotero/zotero/glzum4gj.default/zotero/storage/ESRD3DTA/1401.3270.pdf:application/pdf}
}

@book{srednicki_quantum_2007,
	address = {Cambridge},
	title = {Quantum {Field} {Theory}},
	isbn = {978-0-521-86449-7},
	publisher = {Cambridge},
	author = {Srednicki, M.},
	year = {2007}
}

@book{thomson_modern_2013,
	address = {New York},
	title = {Modern {Particle} {Physics}},
	isbn = {978-1-107-03426-6},
	publisher = {Cambridge},
	author = {Thomson, M.},
	year = {2013}
}

@article{vaughn_renormalization_1982,
	title = {Renormalization group constraints on unified gauge theories},
	volume = {13},
	url = {http://www.springerlink.com/index/PV67V2217T102889.pdf},
	number = {2},
	urldate = {2017-05-03},
	journal = {Z. Phys. C},
	author = {Vaughn, M. T.},
	year = {1982},
	pages = {139--146},
	file = {vaughn1982.pdf:/home/dclarke/.zotero/zotero/glzum4gj.default/zotero/storage/W5WA4SPM/vaughn1982.pdf:application/pdf}
}

@article{vicari__2009,
	title = {$\theta$ dependence of {SU}({N}) gauge theories in the presence of a topological term},
	volume = {470},
	issn = {03701573},
	url = {http://linkinghub.elsevier.com/retrieve/pii/S037015730800389X},
	doi = {10.1016/j.physrep.2008.10.001},
	language = {en},
	number = {3-4},
	urldate = {2017-06-07},
	journal = {Phys. Rep.},
	author = {Vicari, E. and Panagopoulos, H.},
	year = {2009},
	pages = {93--150},
	file = {1-s2.0-S037015730800389X-main.pdf:/home/dclarke/.zotero/zotero/glzum4gj.default/zotero/storage/4GWAJFUU/1-s2.0-S037015730800389X-main.pdf:application/pdf}
}

@article{wilson_renormalization_1974,
	title = {The renormalization group and the Ïµ expansion},
	volume = {12},
	url = {http://www.sciencedirect.com/science/article/pii/0370157374900234},
	number = {2},
	urldate = {2017-01-22},
	journal = {Phys. Rep.},
	author = {Wilson, K. G. and Kogut, J.},
	year = {1974},
	pages = {75--199},
	file = {wilson_kogut1973.pdf:/home/dclarke/.zotero/zotero/glzum4gj.default/zotero/storage/8HEK2JJ2/wilson_kogut1973.pdf:application/pdf}
}

@article{wilson_confinement_1974,
	title = {Confinement of quarks},
	volume = {10},
	url = {https://journals.aps.org/prd/abstract/10.1103/PhysRevD.10.2445},
	number = {8},
	urldate = {2017-01-22},
	journal = {Phys. Rev. D},
	author = {Wilson, K. G.},
	year = {1974},
	pages = {2445-2459},
	file = {wilson1974.pdf:/home/dclarke/.zotero/zotero/glzum4gj.default/zotero/storage/B57SK3RQ/wilson1974.pdf:application/pdf}
}

@article{wurtz_higgs_2013,
	title = {Higgs and {W} boson spectrum from lattice simulations},
	volume = {88},
	issn = {1550-7998, 1550-2368},
	url = {https://link.aps.org/doi/10.1103/PhysRevD.88.054510},
	doi = {10.1103/PhysRevD.88.054510},
	language = {en},
	number = {5},
	urldate = {2017-07-12},
	journal = {Phys. Rev. D},
	author = {Wurtz, M. and Lewis, R.},
	year = {2013},
	file = {PhysRevD.88.054510.pdf:/home/dclarke/.zotero/zotero/glzum4gj.default/zotero/storage/J5GXAJMZ/PhysRevD.88.054510.pdf:application/pdf}
}

@article{alles_topology_1997,
	title = {Topology at zero and finite {T} in {SU}(2) {Yang}-{Mills} theory},
	volume = {412},
	number = {1-2},
	journal = {Phys. Lett. B},
	author = {All\'es, B. and D'Elia, M. and Di Giacomo, A.},
	year = {1997},
	pages = {119--124},
}

@article{lucini_su_2001,
	title = {{SU}({N}) gauge theories in four dimensions: {Exploring} the approach to {N}=$\infty$},
	volume = {2001},
	shorttitle = {{SU}({N}) gauge theories in four dimensions},
	number = {6},
	journal = {J. High Energy Phys.},
	author = {Lucini, B. and Teper, M.},
	year = {2001},
	pages = {050},
}

@article{de_forcrand_topology_1997,
	title = {Topology of the {SU}(2) vacuum: a lattice study using improved cooling},
	volume = {499},
	shorttitle = {Topology of the {SU}(2) vacuum},
	number = {1-2},
	journal = {Nucl. Phys. B},
	author = {De Forcrand, P. and Perez, M. G. and Stamatescu, I. O.},
	year = {1997},
	pages = {409--449},
}

@article{degrand_topological_1997,
	title = {Topological structure in the {SU}(2) vacuum},
	volume = {505},
	number = {1-2},
	journal = {Nucl. Phys. B},
	author = {DeGrand, T. and Hasenfratz, A. and Kovacs, T. G.},
	year = {1997},
	pages = {417--441},
}

@article{fingberg_scaling_1993,
	title = {Scaling and asymptotic scaling in the {SU}(2) gauge theory},
	volume = {392},
	doi = {10.1016/0550-3213(93)90682-F},
	journal = {Nucl. Phys. B},
	author = {Fingberg, J. and Heller, U. M. and Karsch, F.},
	year = {1993},
	pages = {493--517},
	file = {fingberg1993.pdf:/home/dclarke/.zotero/zotero/xnzcwrpn.default/zotero/storage/GSXW5JL5/fingberg1993.pdf:application/pdf}
}

@online{Wiki_kolm,
    author = "{Wikipedia contributors}",
    title = "Kolmogorov {S}mirnov test --- {W}ikipedia{,} The Free Encyclopedia",
    year = "2017",
    url = "https://en.wikipedia.org/w/index.php?title=Kolmogorov%E2%80%93Smirnov_test&oldid=816607137",
    note = "[Online; accessed 17-February-2018]"}

@online{Wiki_LLN,
  author = "{Wikipedia contributors}",
  title = "Law of large numbers --- {W}ikipedia{,} The Free Encyclopedia",
  url = "https://en.wikipedia.org/w/index.php?title=Law_of_large_numbers&oldid=817455983",
  note = "[Online; accessed 17-February-2018]",
  year = "2017"}

@online{cosma_indep,
  author = "C. Shalizi",
  title = "Reminder No. 1: Uncorrelated vs. Independent",
  url = "http://www.stat.cmu.edu/~cshalizi/uADA/13/reminders/uncorrelated-vs-independent.pdf",
  note = "[Online; accessed 25-May-2017]",
  year = "2013"}

@article{berg_topological_2018,
	title = {Topological charge and cooling scales in pure {SU}(2) lattice gauge theory},
	volume = {97},
	issn = {2470-0010, 2470-0029},
	url = {https://link.aps.org/doi/10.1103/PhysRevD.97.054506},
	doi = {10.1103/PhysRevD.97.054506},
	language = {en},
	number = {5},
        pages = {054506},
	urldate = {2018-03-16},
	journal = {Phys. Rev. D},
	author = {Berg, B. A. and Clarke, D. A.},
	year = {2018},
	file = {Berg and Clarke - 2018 - Topological charge and cooling scales in pure SU(2.pdf:/home/dclarke/.zotero/zotero/xnzcwrpn.default/zotero/storage/5Y255I2B/Berg and Clarke - 2018 - Topological charge and cooling scales in pure SU(2.pdf:application/pdf}
}

@article{berg_estimates_2018,
	title = {Estimates of Scaling Violations for Pure {SU}(2) {LGT}},
	volume = {175},
	issn = {2100-014X},
	url = {https://www.epj-conferences.org/10.1051/epjconf/201817510007},
	doi = {10.1051/epjconf/201817510007},
	language = {en},
	urldate = {2018-04-11},
	journal = {EPJ Web Conf.},
	author = {Berg, B. A. and Clarke, D. A.},
	editor = {Della Morte, M. and Fritzsch, P. and GÃ¡miz SÃ¡nchez, E. and Pena Ruano, C.},
	year = {2018},
	pages = {10007},
	file = {Berg and Clarke - 2018 - Estimates of Scaling Violations for Pure SU(2) LGT.pdf:/home/dclarke/.zotero/zotero/xnzcwrpn.default/zotero/storage/LKYNZPX5/Berg and Clarke - 2018 - Estimates of Scaling Violations for Pure SU(2) LGT.pdf:application/pdf}
}

@article{belavin_pseudoparticle_1975,
	title = {{Pseudoparticle} solutions of the {Yang-Mills} equations},
	volume = {59},
	language = {en},
	number = {1},
	journal = {Phys. Lett.},
	author = {Belavin, A. A. and Polyakov, A. M. and Schwartz, A. S. and Tyupkin, Y. S.},
	year = {1975},
	pages = {85-87},
	file = {BELAVIN et al. - 1975 - PSEUDOPARTICLE SOLUTIONS OF THE YANG-MILLS EQUATIO.pdf:/home/dclarke/.zotero/zotero/xnzcwrpn.default/zotero/storage/UY3QNAAN/BELAVIN et al. - 1975 - PSEUDOPARTICLE SOLUTIONS OF THE YANG-MILLS EQUATIO.pdf:application/pdf}
}

@article{ferrenberg_new_1989,
	title = {New {Monte} {Carlo} Technique for Studying Phase Transitions},
	language = {en},
	author = {Ferrenberg, A. M. and Swendsen, R. H.},
	pages = {1658},
        journal = {Phys. Rev. Lett.},
        volume = {63},
        year = {1989},
	file = {Ferrenberg and Swendsen - New Monte Carlo Technique for Studying Phase Trans.pdf:/home/dclarke/.zotero/zotero/xnzcwrpn.default/zotero/storage/YKYMQ48X/Ferrenberg and Swendsen - New Monte Carlo Technique for Studying Phase Trans.pdf:application/pdf}
}

@article{smirnoff_sur_1939,
	title = {Sur les \'ecarts de la courbe de distribution empirique},
	language = {ru},
	author = {Smirnoff, N.},
	pages = {3-26},
        year = {1939},
        journal = {Mat. Sbornik},
        volume = {6},
	file = {Smirnoff - Sur les 'ecarts de la courbe de distribution empi.pdf:/home/dclarke/.zotero/zotero/xnzcwrpn.default/zotero/storage/DU4HMP7P/Smirnoff - Sur les 'ecarts de la courbe de distribution empi.pdf:application/pdf}
}

@article{birnbaum_one-sided_1951,
	title = {One-sided confidence contours for probability distribution functions},
	volume = {22},
	number = {4},
	journal = {Ann. Math. Statist.},
	author = {Birnbaum, Z. W. and Tingey, F. H.},
	year = {1951},
	pages = {592--596},
	file = {Birnbaum and Tingey - One-sided confidence contours for probability dist.pdf:/home/dclarke/.zotero/zotero/xnzcwrpn.default/zotero/storage/6YSWXHB2/Birnbaum and Tingey - One-sided confidence contours for probability dist.pdf:application/pdf}
}

@article{belavin_calculation_1974,
	title = {Calculation of anomalous dimensionalities in non-{Abelian}
gauge field theories},
	volume = {19},
        number = {5},
	journal = {JETP Lett.},
	author = {Belavin, A. A. and Migdal, A. A.},
	year = {1974},
	pages = {181-182},
	file = {article_27000.pdf:/home/dclarke/.zotero/zotero/xnzcwrpn.default/zotero/storage/2GLG5J8E/article_27000.pdf:application/pdf}
}
@article{aad_observation_2012,
	title = {Observation of a new particle in the search for the {Standard} {Model} {Higgs} boson with the {ATLAS} detector at the {LHC}},
	volume = {716},
	issn = {03702693},
	url = {http://linkinghub.elsevier.com/retrieve/pii/S037026931200857X},
	doi = {10.1016/j.physletb.2012.08.020},
	language = {en},
	number = {1},
	urldate = {2018-07-05},
	journal = {Phys. Lett. B},
	author = "{ATLAS Collaboration}",
	year = {2012},
	pages = {1--29},
	file = {Aad et al. - 2012 - Observation of a new particle in the search for th.pdf:/home/dclarke/.zotero/zotero/xnzcwrpn.default/zotero/storage/TVH2R7KN/Aad et al. - 2012 - Observation of a new particle in the search for th.pdf:application/pdf}
}

@article{chatrchyan_observation_2012,
	title = {Observation of a new boson at a mass of 125 {GeV} with the {CMS} experiment at the {LHC}},
	volume = {716},
	issn = {03702693},
	url = {http://linkinghub.elsevier.com/retrieve/pii/S0370269312008581},
	doi = {10.1016/j.physletb.2012.08.021},
	language = {en},
	number = {1},
	urldate = {2018-07-05},
	journal = {Phys. Lett. B},
	author = "{CMS Collaboration}",
	year = {2012},
	pages = {30--61},
	file = {Chatrchyan et al. - 2012 - Observation of a new boson at a mass of 125 GeV wi.pdf:/home/dclarke/.zotero/zotero/xnzcwrpn.default/zotero/storage/YL6XCIJ4/Chatrchyan et al. - 2012 - Observation of a new boson at a mass of 125 GeV wi.pdf:application/pdf}
}

@misc{wiki_SM,
    author = "{University of Zurich Physik-Institut}",
    title = "Standard Model",
    year = "2018",
    url ="https://www.physik.uzh.ch/en/researcharea/lhcb/outreach/StandardModel.html",
    note = "[Online; accessed 19-September-2018]"
  }

@article{callan_broken_1970,
	title = {Broken Scale Invariance in Scalar Field Theory},
	volume = {2},
	issn = {0556-2821},
	url = {https://link.aps.org/doi/10.1103/PhysRevD.2.1541},
	doi = {10.1103/PhysRevD.2.1541},
	language = {en},
	number = {8},
	urldate = {2018-07-06},
	journal = {Phys. Rev. D},
	author = {Callan, C. G.},
	year = {1970},
	pages = {1541--1547},
	file = {Callan - 1970 - Broken Scale Invariance in Scalar Field Theory.pdf:/home/dclarke/.zotero/zotero/xnzcwrpn.default/zotero/storage/2FPNS9AV/Callan - 1970 - Broken Scale Invariance in Scalar Field Theory.pdf:application/pdf}
}

@article{symanzik_small-distance-behaviour_1971,
	title = {Small-distance-behaviour analysis and {Wilson} expansions},
	volume = {23},
	issn = {0010-3616, 1432-0916},
	url = {http://link.springer.com/10.1007/BF01877596},
	doi = {10.1007/BF01877596},
	abstract = {A previously described method to obtain the asymptotic forms of vertex functions at large momenta is, with the help of Wilson operator product expansion formulas, extended to momenta where the vertex functions of the zero-mass theory underlying the asymptotic forms are infrared singular. To obtain from asymptotic forms information on asymptotic behaviour requires assumptions on the behaviour of the zero-mass theory in the limit of infinite dilatation. One particular set of assumptions is discussed and found to pass a simple consistency test; this set of assumptions leads to power laws, or slight modifications thereof,with coupling-constant-independent exponents. The detailed discussion is given for the Ï4 model.},
	language = {en},
	number = {1},
	urldate = {2018-07-06},
	journal = {Commun. Math. Phys.},
	author = {Symanzik, K.},
	year = {1971},
	pages = {49--86},
	file = {Symanzik - 1971 - Small-distance-behaviour analysis and Wilson expan.pdf:/home/dclarke/.zotero/zotero/xnzcwrpn.default/zotero/storage/QB35UNUZ/Symanzik - 1971 - Small-distance-behaviour analysis and Wilson expan.pdf:application/pdf}
}

@article{symanzik_small_1970,
	title = {Small distance behaviour in field theory and power counting},
	volume = {18},
	issn = {0010-3616, 1432-0916},
	url = {http://link.springer.com/10.1007/BF01649434},
	doi = {10.1007/BF01649434},
	abstract = {For infinitesimal changes of vertex functions under infinitesimal variation of all renormalized parameters, linear combinations are found such that the net infinitesimal changes of all vertex functions are negligible relative to those functions themselves at large momentain all orders of renormalized perturbation theory. The resulting linearfirst order partial differential equations for the asymptotic forms of the vertex functions are, in quantum electrodynamics, solved in terms of one universal function of one variable and one function of one variable for each vertex function whereby, in contrast to the renormalization group treatment of this problem, the universal function is obtained from nonasymptotic considerations. A relation to the breaking of scale invariance in renormalizable theories is described.},
	language = {en},
	number = {3},
	urldate = {2018-07-06},
	journal = {Commun. Math. Phys.},
	author = {Symanzik, K.},
	year = {1970},
	pages = {227--246},
	file = {Symanzik - 1970 - Small distance behaviour in field theory and power.pdf:/home/dclarke/.zotero/zotero/xnzcwrpn.default/zotero/storage/HZLID5MN/Symanzik - 1970 - Small distance behaviour in field theory and power.pdf:application/pdf}
}

@article{witten_current_1979,
	title = {Current algebra theorems for the {U}(1) â{Goldstone} bosonâ},
	volume = {156},
	issn = {05503213},
	url = {http://linkinghub.elsevier.com/retrieve/pii/0550321379900312},
	doi = {10.1016/0550-3213(79)90031-2},
	language = {en},
	number = {2},
	urldate = {2018-07-08},
	journal = {Nucl. Phys. B},
	author = {Witten, E.},
	year = {1979},
	pages = {269--283},
	file = {Witten - 1979 - Current algebra theorems for the U(1) âGoldstone b.pdf:/home/dclarke/.zotero/zotero/xnzcwrpn.default/zotero/storage/WE2PMN9M/Witten - 1979 - Current algebra theorems for the U(1) âGoldstone b.pdf:application/pdf}
}

@article{veneziano_u1_1979,
	title = {U(1) without instantons},
	volume = {159},
	issn = {05503213},
	url = {http://linkinghub.elsevier.com/retrieve/pii/0550321379903328},
	doi = {10.1016/0550-3213(79)90332-8},
	language = {en},
	number = {1-2},
	urldate = {2018-07-08},
	journal = {Nucl. Phys. B},
	author = {Veneziano, G.},
	year = {1979},
	pages = {213--224},
	file = {Veneziano - 1979 - U(1) without instantons.pdf:/home/dclarke/.zotero/zotero/xnzcwrpn.default/zotero/storage/JD9PTY23/Veneziano - 1979 - U(1) without instantons.pdf:application/pdf}
}

@article{veneziano_goldstone_1980,
	title = {Goldstone mechanism from gluon dynamics},
	volume = {95},
	issn = {03702693},
	url = {http://linkinghub.elsevier.com/retrieve/pii/0370269380904062},
	doi = {10.1016/0370-2693(80)90406-2},
	language = {en},
	number = {1},
	urldate = {2018-07-08},
	journal = {Phys. Lett. B},
	author = {Veneziano, G.},
	year = {1980},
	pages = {90--92},
	file = {Veneziano - 1980 - Goldstone mechanism from gluon dynamics.pdf:/home/dclarke/.zotero/zotero/xnzcwrpn.default/zotero/storage/AJIG7NY8/Veneziano - 1980 - Goldstone mechanism from gluon dynamics.pdf:application/pdf}
}
@article{luscher_stochastic_2018,
	title = {Stochastic locality and master-field simulations of very large lattices},
	volume = {175},
	issn = {2100-014X},
	url = {http://arxiv.org/abs/1707.09758},
	doi = {10.1051/epjconf/201817501002},
	abstract = {In lattice QCD and other ï¬eld theories with a mass gap, the ï¬eld variables in distant regions of a physically large lattice are only weakly correlated. Accurate stochastic estimates of the expectation values of local observables may therefore be obtained from a single representative ï¬eld. Such master-ï¬eld simulations potentially allow very large lattices to be simulated, but require various conceptual and technical issues to be addressed. In this talk, an introduction to the subject is provided and some encouraging results of master-ï¬eld simulations of the SU(3) gauge theory are reported.},
	language = {en},
	urldate = {2018-07-08},
	journal = {EPJ Web Conf.},
	author = {L\"uscher, M.},
	year = {2018},
	keywords = {High Energy Physics - Lattice},
	pages = {01002},
	file = {LÃ¼scher - 2018 - Stochastic locality and master-field simulations o.pdf:/home/dclarke/.zotero/zotero/xnzcwrpn.default/zotero/storage/36XSUX67/LÃ¼scher - 2018 - Stochastic locality and master-field simulations o.pdf:application/pdf}
}

@article{luscher_topology_1982,
	title = {Topology of lattice gauge fields},
	volume = {85},
	journal = {Commun. Math. Phys.},
	author = {L\"uscher, M.},
	year = {1982},
	pages = {39--48},
	file = {luescher82.pdf:/home/dclarke/.zotero/zotero/xnzcwrpn.default/zotero/storage/YLPD3P4R/luescher82.pdf:application/pdf}
}

@article{kronfeld_topological_1988,
	title = {Topological aspects of lattice gauge theories},
	volume = {4},
	issn = {09205632},
	url = {http://linkinghub.elsevier.com/retrieve/pii/0920563288901235},
	doi = {10.1016/0920-5632(88)90123-5},
	language = {en},
	urldate = {2018-07-10},
	journal = {Nucl. Phys. B (Proc. Suppl.)},
	author = {Kronfeld, A. S.},
	year = {1988},
	pages = {329--351},
	file = {Kronfeld - 1988 - Topological aspects of lattice gauge theories.pdf:/home/dclarke/.zotero/zotero/xnzcwrpn.default/zotero/storage/KR9DPNVD/Kronfeld - 1988 - Topological aspects of lattice gauge theories.pdf:application/pdf}
}

@article{debbio__2002,
	title = {$\theta$ dependence of {SU}({N}) gauge theories},
	volume = {2002},
	issn = {1029-8479},
	url = {http://stacks.iop.org/1126-6708/2002/i=08/a=044?key=crossref.a7b0ba3e81b0a8f2a3ed33bc37cc2c8d},
	doi = {10.1088/1126-6708/2002/08/044},
	abstract = {We study the Î¸ dependence of four-dimensional SU(N ) gauge theories, for N â¥ 3 and in the large-N limit. We use numerical simulations of the Wilson lattice formulation of gauge theories to compute the ï¬rst few terms of the expansion of the groundstate energy F (Î¸) around Î¸ = 0, F (Î¸) â F (0) = A2 Î¸2(1 + b2Î¸2 + Â· Â· Â·). Our results support Wittenâs conjecture: F (Î¸) â F (0) = A Î¸2 + O(1/N ) for suï¬ciently small values of Î¸, Î¸ {\textless} Ï. Indeed we verify that the topological susceptibility has a non-zero large-N limit Ïâ = 2A with corrections of O(1/N 2), in substantial agreement with the Witten-Veneziano formula which relates Ïâ to the Î· mass. Furthermore, higher order terms in Î¸ are suppressed; in particular, the O(Î¸4) term b2 (related to the Î· â Î· elastic scattering amplitude) turns out to be quite small: b2 = â0.023(7) for N = 3, and its absolute value decreases with increasing N , consistently with the expectation b2 = O(1/N 2).},
	language = {en},
	number = {08},
	urldate = {2018-07-16},
	journal = {J. High Energy Phys.},
	author = {Debbio, L. Del and Panagopoulos, H. and Vicari, E.},
	year = {2002},
	pages = {044},
	file = {Debbio et al. - 2002 - Î¸ dependence of SU( iNi ) gauge theories.pdf:/home/dclarke/.zotero/zotero/xnzcwrpn.default/zotero/storage/9IB27MNS/Debbio et al. - 2002 - Î¸ dependence of SU( iNi ) gauge theories.pdf:application/pdf}
}
@article{thomas_meson_2017,
	title = {Meson Spectroscopy from Lattice {QCD}},
	volume = {58},
	issn = {0177-7963, 1432-5411},
	url = {http://link.springer.com/10.1007/s00601-017-1278-2},
	doi = {10.1007/s00601-017-1278-2},
	abstract = {Some recent progress in using lattice QCD to perform ï¬rst-principles calculations of the spectra of mesons is discussed. In particular, I highlight some new results on resonances, near-threshold states and related scattering phenomenaâthis is a theoretically and experimentally interesting area where we have made signiï¬cant advances in the last few years.},
	language = {en},
	number = {3},
	urldate = {2018-07-20},
	journal = {Few-Body Systems},
	author = {Thomas, C. E.},
	year = {2017},
	file = {Thomas - 2017 - Meson Spectroscopy from Lattice QCD.pdf:/home/dclarke/.zotero/zotero/xnzcwrpn.default/zotero/storage/QJUUYLEU/Thomas - 2017 - Meson Spectroscopy from Lattice QCD.pdf:application/pdf}
}
@article{t_hooft_computation_1976,
	title = {Computation of the quantum effects due to a four-dimensional pseudoparticle},
	volume = {14},
	language = {en},
	journal = {Phys. Rev. D},
	author = {'t Hooft, G.},
	year = {1976},
        number={12},
	pages = {3432--3450},
        addendum = {18:2199-2200, 1978 (E)}
}

@article{levenberg_method_1944,
	title = {A method for the solution of certain non-linear problems in least squares},
	volume = {2},
	issn = {0033-569X, 1552-4485},
	url = {http://www.ams.org/qam/1944-02-02/S0033-569X-1944-10666-0/},
	doi = {10.1090/qam/10666},
	language = {en},
	number = {2},
	urldate = {2018-08-08},
	journal = {Quart. Appl. Math.},
	author = {Levenberg, K.},
	year = {1944},
	pages = {164--168},
	file = {Levenberg - 1944 - A method for the solution of certain non-linear pr.pdf:/home/dclarke/.zotero/zotero/xnzcwrpn.default/zotero/storage/DIY6N4QM/Levenberg - 1944 - A method for the solution of certain non-linear pr.pdf:application/pdf}
}

@article{marquardt_algorithm_1963,
	title = {An Algorithm for Least-Squares Estimation of Nonlinear Parameters},
	volume = {11},
	issn = {0368-4245, 2168-3484},
	url = {http://epubs.siam.org/doi/10.1137/0111030},
	doi = {10.1137/0111030},
	language = {en},
	number = {2},
	urldate = {2018-08-08},
	journal = {SIAM J. Appl. Math.},
	author = {Marquardt, D. W.},
	year = {1963},
	pages = {431--441},
	file = {Marquardt - 1963 - An Algorithm for Least-Squares Estimation of Nonli.pdf:/home/dclarke/.zotero/zotero/xnzcwrpn.default/zotero/storage/V9M2SS9E/Marquardt - 1963 - An Algorithm for Least-Squares Estimation of Nonli.pdf:application/pdf}
}
@article{rae_ground_2016,
	title = {Ground state charmed meson and baryon spectra for {$N_f$}=2+1+1 {QCD}},
	language = {en},
	journal={PoS LATTICE 2016},
	author = {Rae, T. and Collins, S. and D\"urr, S. and Hofmann, S.},
	volume = {367},
        year = {2016}
}

@book{nakahara_geometry_2003,
	title = {Geometry, {Topology}, and {Physics}},
	isbn = {978-0-7503-0606-5},
	publisher = {CRC Press},
	author = {Nakahara, M.},
	year = {2003}
}

@book{georgi_lie_1999,
	address = {Boca Raton},
	title = {Lie {Algebras} in {Particle} {Physics}: from {Isospin} to {Unified} {Theories}},
	isbn = {978-0-7382-0233-4},
	publisher = {Westview},
	author = {Georgi, Howard},
	year = {1999}
}
@book{dummit_abstract_2004,
	address = {United States},
	title = {Abstract {Algebra}},
	isbn = {978-0-471-43334-7},
	language = {en},
	publisher = {Wiley},
	author = {Dummit, David and Foote, Richard},
	year = {2004}
}

@book{tahir-kheli_general_2012,
	address = {Berlin ; New York},
	series = {Graduate texts in physics},
	title = {General and statistical thermodynamics},
	isbn = {978-3-642-21480-6 978-3-642-21481-3},
	abstract = {Tailored to advanced undergraduates, this textbook provides a thorough explanation of general and statistical thermodynamics. It begins with an introduction to statistical mechanics, deriving all the important formulae meticulously and explicitly, without mathematical short cuts},
	language = {en},
	publisher = {Springer},
	author = {Tahir-Kheli, Raza},
	year = {2012},
	note = {OCLC: ocn731919885},
	keywords = {Statistical thermodynamics, Thermodynamics},
	file = {Tahir-Kheli - 2012 - General and statistical thermodynamics.pdf:/home/dclarke/Zotero/storage/9MCPIQJK/Tahir-Kheli - 2012 - General and statistical thermodynamics.pdf:application/pdf}
}

@misc{zurich_SM,
    author = "{University of Zurich Physik-Institut}",
    title = "Standard Model",
    year = "2018",
    url ="https://www.physik.uzh.ch/en/researcharea/lhcb/outreach/StandardModel.html",
    note = "[Online; accessed 19-September-2018]"
  }

@online{caltech,
    author = "{Gottlieb, M. A. and Pfeiffer, R.}",
    title = "The {Feynman} Lectures on Physics Vol. {II} Ch. 19: The Principle of Least Action",
    year = "2013",
    url = "http://www.feynmanlectures.caltech.edu/II_19.html"
    note = "[Online; accessed 28-June-2019]"}

@online{schuller,
    author = "{Frederic Schuller}",
    title = "The {W. E. Hereaus} international winter school on gravity and light",
    year = "2014",
    url = "https://gravity-and-light.herokuapp.com/tutorials",
    note = "[Online; accessed 6-Nov-2019]"}

@online{deserno,
    author = "{Markus Deserno}",
    title = "Legendre Transforms",
    year = "2012",
    url = "https://www.andrew.cmu.edu/course/33-765/pdf/Legendre.pdf",
    note = "[Online; accessed 26-Nov-2019]"}

@article{mclerran_monte_1981,
        title = {A {Monte} {Carlo} study of {SU}(2) {Yang}-{Mills} theory at finite temperature},
        volume = {98},
        issn = {03702693},
        doi = {10.1016/0370-2693(81)90986-2},
        number = {3},
        journal = {Phys. Lett. B},
        author = {McLerran, Larry D. and Svetitsky, Benjamin},
        month = jan,
        year = {1981},
        pages = {195--198},
}

@article{mclerran_quark_1981,
        title = {Quark liberation at high temperature: {A} {Monte} {Carlo} study of {SU}(2) gauge theory},
        volume = {24},
        issn = {0556-2821},
        shorttitle = {Quark liberation at high temperature},
        doi = {10.1103/PhysRevD.24.450},
        number = {2},
        journal = {Phys. Rev. D},
        author = {McLerran, Larry D. and Svetitsky, Benjamin},
        month = jul,
        year = {1981},
        pages = {450--460},
}

@article{nadkarni_non-abelian_1986,
        title = {Non-{Abelian} {Debye} screening: {The} color-averaged potential},
        volume = {33},
        issn = {0556-2821},
        shorttitle = {Non-{Abelian} {Debye} screening},
        doi = {10.1103/PhysRevD.33.3738},
        number = {12},
        journal = {Physical Review D},
        author = {Nadkarni, Sudhir},
        month = jun,
        year = {1986},
        pages = {3738--3746},
}

@article{kaczmarek_heavy_2002,
        title = {Heavy quarkâantiquark free energy and the renormalized {Polyakov} loop},
        volume = {543},
        issn = {03702693},
        doi = {10.1016/S0370-2693(02)02415-2},
        number = {1-2},
        urldate = {2018-10-19},
        journal = {Phys. Lett. B},
        author = {Kaczmarek, O and Karsch, F and Petreczky, P and Zantow, F},
        month = sep,
        year = {2002},
        pages = {41--47},
}

